% Acknowledgements for papers with collision data

% Bibitem entry for the computing facilities reference
%------------------------------------------------------------------------------
@Booklet{ATL-SOFT-PUB-2023-001,
    author         = "{ATLAS Collaboration}",
    title          = "{ATLAS Computing Acknowledgements}",
    howpublished   = "{ATL-SOFT-PUB-2023-001}",
    url            = "https://cds.cern.ch/record/2869272",
    year           = 2023
}
